@article{TBTV11,
	author = {Taboada, Maite and Brooke, Julian and Tofiloski, Milan and Voll, Kimberly and Stede, Manfred},
	title = {Lexicon-Based Methods for Sentiment Analysis},
	journal = {Computational Linguistics},
	volume = {37},
	number = {2},
	pages = {267--307},
	year = {2011},
	doi = {10.1162/COLI\_a\_00049},
	URL = {https://doi.org/10.1162/COLI_a_00049}
}

@mastersthesis{Dri18,
 author = {Dritsa, Konstantina},
 title = {Speech Quality and Sentiment Analysis on the {H}ellenic {P}arliament Proceedings},
 school = {Department of Informatics, Athens University of Economics and Business}, 
 year = {2018},
 month = feb,
 address = {Athens, Greece},
 url = {http://www.pyxida.aueb.gr/index.php?op=view_object&object_id=6387}
}