@article{TBTV11,
	author = {Taboada, Maite and Brooke, Julian and Tofiloski, Milan and Voll, Kimberly and Stede, Manfred},
	title = {Lexicon-Based Methods for Sentiment Analysis},
	journal = {Computational Linguistics},
	volume = {37},
	number = {2},
	pages = {267--307},
	year = {2011},
	doi = {10.1162/COLI\_a\_00049},
	url = {https://doi.org/10.1162/COLI_a_00049}
}

@mastersthesis{Dri18,
	author = {Dritsa, Konstantina},
	title = {Speech Quality and Sentiment Analysis on the {H}ellenic {P}arliament Proceedings},
	school = {Department of Informatics, Athens University of Economics and Business}, 
	year = {2018},
	month = feb,
	address = {Athens, Greece},
	url = {http://www.pyxida.aueb.gr/index.php?op=view_object&object_id=6387}
}

@inproceedings{BES10,
	author = {Baccianella, Stefano and Esuli, Andrea and Sebastiani, Fabrizio},
	title = {{S}enti{W}ord{N}et 3.0: An Enhanced Lexical Resource for Sentiment Analysis and Opinion Mining},
	booktitle = {Proceedings of the International Conference on Language Resources and Evaluation},
	series = {LREC '10},
	year = {2010},
	isbn = {2-9517408-6-7},
	location = {Valletta, Malta},
	pages = {2200--2204},
	numpages = {5},
	url = {hhttp://www.lrec-conf.org/proceedings/lrec2010/pdf/769_Paper.pdf},
	publisher = {European Language Resources Association},
	address = {Paris, France}
}

@article{PL08,
	author = {Pang, Bo and Lee, Lillian},
	title = {Opinion Mining and Sentiment Analysis},
	journal = {Foundations and Trends in Information Retrieval},
	volume = {2},
	number = {1â€“2},
	year = {2008},
	doi = {10.1561/1500000011},
	issn = {1554-0669},
	pages = {1--135},
	url = {http://dx.doi.org/10.1561/1500000011}
}

@article{Hof08,
	author = {Hoffman, Thomas},
	title = {Online reputation management is hot -- but is it ethical?},
	journal = {Computerworld},
	year = {2008},
	url = {https://www.computerworld.com/article/2537007/online-reputation-management-is-hot----but-is-it-ethical-.html}
}

@misc{ZJ08,
	author = {Zabin, Jeff and Jefferies, Alex},
	title = {Social Media Monitoring and Analysis: Generating Consumer Insights	from Online Conversation},
	url = {https://www.bibsonomy.org/bibtex/201eea07cdc25584f76b4260a16ae8d4f/om},
	publisher = {Aberdeen Group Benchmark Report},
	year = {2008},
	month = jan
}

@misc{Kim06,
	author = {Kim, Peter},
	title = {The {Forrester Wave: Brand} Monitoring, {Q3} 2006},
	url = {https://www.bibsonomy.org/bibtex/2e7c5df0cb9664beb8d009697e2dae39a/om},
	publisher = {Forrester Wave (white paper)},
	year = {2006}
}

@inproceedings{Liu12,
	author = {Liu, Bing},
	title = {Sentiment Analysis and Opinion Mining},	
	journal = {Synthesis Lectures on Human Language Technologies},
	volume = {5},	
	year = {2012},
	month = may,
	pages = {1--167},
	doi = {10.2200/S00416ED1V01Y201204HLT016},
	url = {https://www.cs.uic.edu/~liub/FBS/SentimentAnalysis-and-OpinionMining.pdf}
}

@inproceedings{HM97,
	author = {Hatzivassiloglou, Vasileios and McKeown, Kathleen R.},
	title = {Predicting the Semantic Orientation of Adjectives},
	booktitle = {Proceedings of the 35th Annual Meeting of the Association for Computational Linguistics and 8th Conference of the European Chapter of the Association for Computational Linguistics},
	series = {ACL '98/EACL '98},
	year = {1997},
	location = {Madrid, Spain},
	pages = {174--181},
	numpages = {8},
	url = {https://doi.org/10.3115/976909.979640},
	doi = {10.3115/976909.979640},
	acmid = {979640},
	publisher = {Association for Computational Linguistics},
	address = {Stroudsburg, PA, USA}
}

@incollection{Hea92,
	author = {Hearst, Marti},
	url = {https://www.bibsonomy.org/bibtex/203e290ce3e12e80bd34769dec8e59ad3/om},
	booktitle = {Text-Based Intelligent Systems},
	editor = {Jacobs, Paul},
	pages = {257--274},
	publisher = {Lawrence Erlbaum Associates},
	title = {Direction-Based Text Interpretation as an Information Access Refinement},
	year = {1992}
}

@inproceedings{WBO99,
	author = {Wiebe, Janyce M. and Bruce, Rebecca F. and O'Hara, Thomas P.},
	title = {Development and Use of a Gold-standard Data Set for Subjectivity Classifications},
	booktitle = {Proceedings of the 37th Annual Meeting of the Association for Computational Linguistics on Computational Linguistics},
	series = {ACL '99},
	year = {1999},
	isbn = {1-55860-609-3},
	location = {College Park, Maryland},
	pages = {246--253},
	numpages = {8},
	url = {https://doi.org/10.3115/1034678.1034721},
	doi = {10.3115/1034678.1034721},
	acmid = {1034721},
	publisher = {Association for Computational Linguistics},
	address = {Stroudsburg, PA, USA}
}

@inproceedings{PLV02,
	author = {Pang, Bo and Lee, Lillian and Vaithyanathan, Shivakumar},
	title = {Thumbs Up?: Sentiment Classification Using Machine Learning Techniques},
	booktitle = {Proceedings of the ACL-02 Conference on Empirical Methods in Natural Language Processing},
	volume = {10}
	series = {EMNLP '02},
	year = {2002},
	pages = {79--86},
	numpages = {8},
	url = {https://doi.org/10.3115/1118693.1118704},
	doi = {10.3115/1118693.1118704},
	acmid = {1118704},
	publisher = {Association for Computational Linguistics},
	address = {Stroudsburg, PA, USA}
}

@article{GSZ13,
	title = {{T}witter brand sentiment analysis: A hybrid system using n-gram analysis and dynamic artificial neural network},
	journal = {Expert Systems with Applications},
	volume = {40},
	number = {16},
	pages = {6266--6282},
	year = {2013},
	issn = {0957-4174},
	doi = {https://doi.org/10.1016/j.eswa.2013.05.057},
	url = {http://www.sciencedirect.com/science/article/pii/S0957417413003552},
	author = {Ghiassi, Manoochehr and Skinner, Jeff and Zimbra, David}
}

@inbook{MRT12,
	author = {Mohri, Mehryar and Rostamizadeh, Afshin and Talwalkar, Ameet},
	title = {Foundations of Machine Learning},
	year = {2012},
	isbn = {026201825X, 9780262018258},
	publisher = {The MIT Press},
	url = {https://pdfs.semanticscholar.org/e923/9469aba4bccf3e36d1c27894721e8dbefc44.pdf}
}

@article{SORH15,
	title = {Sentiment analysis: A review and comparative analysis of web services},
	journal = {Information Sciences},
	volume = {311},
	pages = {18--38},
	year = {2015},
	issn = {0020-0255},
	doi = {https://doi.org/10.1016/j.ins.2015.03.040},
	url = {http://www.sciencedirect.com/science/article/pii/S0020025515002054},
	author = {Serrano-Guerrero, Jesus and Olivas, Jose A. and Romero, Francisco P. and Herrera-Viedma, Enrique}
}

@inproceedings{RFN17,
	author = {Rosenthal, Sara and Farra, Noura and Nakov, Preslav},
	title = {{S}em{E}val-2017 Task 4: Sentiment Analysis in {T}witter},
	booktitle = {Proceedings of the 11th International Workshop on Semantic Evaluation},
	series = {SemEval '17},
	year = {2017},
	location = {Vancouver, Canada},
	pages = {502--518},
	numpages = {17},
	url = {https://www.aclweb.org/anthology/S17-2088},
	doi = {10.18653/v1/S17-2088},
	publisher = {Association for Computational Linguistics},
	address = {New York, NY, USA}
}

@article{HZ11,
	title = {Self-training from labeled features for sentiment analysis},
	author = {He, Yulan and Zhou, Deyu},
	journal = {Information Processing \& Management},
	year = {2011},
	volume = {47},
	pages = {606--616},
	url = {https://research.aston.ac.uk/portal/files/3337561/Self_training_from_labeled_features_for_sentiment_analysis_2011.pdf}
}

@article{XGYZ13,
	title = {Multi-aspect sentiment analysis for {C}hinese online social reviews based on topic modeling and {H}ow{N}et lexicon},
	journal = {Knowledge-Based Systems},
	volume = {37},
	pages = {186--195},
	year = {2013},
	issn = {0950-7051},
	doi = {https://doi.org/10.1016/j.knosys.2012.08.003},
	url = {http://www.sciencedirect.com/science/article/pii/S0950705112002158},
	author = {Xianghua, Fu and Guo, Liu and Yanyan, Guo and Zhiqiang, Wang}
	
@inproceedings{Tur02,
	author = {Turney, Peter D.},
	title = {Thumbs Up or Thumbs Down?: Semantic Orientation Applied to Unsupervised Classification of Reviews},
	booktitle = {Proceedings of the 40th Annual Meeting on Association for Computational Linguistics},
	series = {ACL '02},
	year = {2002},
	location = {Philadelphia, Pennsylvania},
	pages = {417--424},
	numpages = {8},
	url = {https://doi.org/10.3115/1073083.1073153},
	doi = {10.3115/1073083.1073153},
	acmid = {1073153},
	publisher = {Association for Computational Linguistics},
	address = {Stroudsburg, PA, USA}
}

@inproceedings{DLP03,
	author = {Dave, Kushal and Lawrence, Steve and Pennock, David M.},
	title = {Mining the Peanut Gallery: Opinion Extraction and Semantic Classification of Product Reviews},
	booktitle = {Proceedings of the 12th International Conference on World Wide Web},
	series = {WWW '03},
	year = {2003},
	isbn = {1-58113-680-3},
	location = {Budapest, Hungary},
	pages = {519--528},
	numpages = {10},
	url = {http://doi.acm.org/10.1145/775152.775226},
	doi = {10.1145/775152.775226},
	acmid = {775226},
	publisher = {ACM},
	address = {New York, NY, USA}
}

@article{ACS08,
	author = {Abbasi, Ahmed and Chen, Hsinchun and Salem, Arab},
	title = {Sentiment Analysis in Multiple Languages: Feature Selection for Opinion Classification in Web Forums},
	journal = {ACM Transactions on Information Systems (TOIS)},
	issue_date = {June 2008},
	volume = {26},
	number = {3},
	month = jun,
	year = {2008},
	issn = {1046-8188},
	pages = {12:1--12:34},
	articleno = {12},
	numpages = {34},
	url = {http://doi.acm.org/10.1145/1361684.1361685},
	doi = {10.1145/1361684.1361685},
	acmid = {1361685},
	publisher = {ACM},
	address = {New York, NY, USA}
}

@inproceedings{Gam04,
	author = {Gamon, Michael},
	title = {Sentiment Classification on Customer Feedback Data: Noisy Data, Large Feature Vectors, and the Role of Linguistic Analysis},
	booktitle = {Proceedings of the 20th International Conference on Computational Linguistics},
	series = {COLING '04},
	year = {2004},
	location = {Geneva, Switzerland},
	articleno = {841},
	url = {https://doi.org/10.3115/1220355.1220476},
	doi = {10.3115/1220355.1220476},
	acmid = {1220476},
	publisher = {Association for Computational Linguistics},
	address = {Stroudsburg, PA, USA}
}

@article{KL14,
	author = {Kim, Kyoungok and Lee, Jaewook},
	title = {Sentiment Visualization and Classification via Semi-supervised Nonlinear Dimensionality Reduction},
	journal = {Pattern Recognition},
	issue_date = {February, 2014},
	volume = {47},
	number = {2},
	month = feb,
	year = {2014},
	issn = {0031-3203},
	pages = {758--768},
	numpages = {11},
	url = {https://doi.org/10.1016/j.patcog.2013.07.022},
	doi = {10.1016/j.patcog.2013.07.022},
	acmid = {2543045},
	publisher = {Elsevier Science Inc.},
	address = {New York, NY, USA}
}

@inproceedings{KB06,
	author = {K{\"o}nig, Arnd Christian and Brill, Eric},
	year = {2006},
	month = jan,
	pages = {598--603},
	title = {Reducing the human overhead in text categorization},
	booktitle = {Proceedings of the 12th ACM SIGKDD International Conference on Knowledge Discovery and Data Mining},
	series = {KDD '06},
	location = {Philadelphia, Pennsylvania, USA},
	doi = {10.1145/1150402.1150474},
	publisher = {ACM},
	address = {New York, NY, USA},
	url = {https://www.microsoft.com/en-us/research/wp-content/uploads/2016/02/rtpp139-konig.pdf}
}

@inproceedings{Efr08,
	author = {Efron, Miles},
	title = {Cultural Orientation: Classifying Subjective Documents by Cociation Analysis},
	booktitle = {Proceedings of the AAAI Fall Symposium on Style and Meaning in Language, Art, Music, and Design},
	year = {2008},
	month = apr,
	url = {https://www.microsoft.com/en-us/research/publication/cultural-orientation-classifying-subjective-documents-by-cociation-analysis/},
	pages = {41--48}
}

@inproceedings{CZ05,
	author = {Chaovalit, Pimwadee and Zhou, Lina},
	title = {Movie Review Mining: A Comparison Between Supervised and Unsupervised Classification Approaches},
	booktitle = {Proceedings of the 38th Annual Hawaii International Conference on System Sciences},
	track = {4},
	volume = {4},
	series = {HICSS '05},
	year = {2005},
	isbn = {0-7695-2268-8-4},
	pages = {112.3--},
	url = {http://dx.doi.org/10.1109/HICSS.2005.445},
	doi = {10.1109/HICSS.2005.445},
	acmid = {1042925},
	publisher = {IEEE Computer Society},
	address = {Washington, DC, USA}
}

@inproceedings{AG05,
	author = {Aue, Anthony and Gamon, Michael},
	year = {2005},
	month = jan,
	booktitle = {Proceedings of the International Conference on Recent Advances in Natural Language Processing},
	series = {RANLP '05},
	title = {Customizing Sentiment Classifiers to New Domains: A Case Study},
	url = {https://www.microsoft.com/en-us/research/wp-content/uploads/2016/02/new_domain_sentiment.pdf}
}

@inbook{PZ06,
	title = {Contextual Valence Shifters},
	author = {Polanyi, Livia and Zaenen, Annie},
	booktitle = {Computing Attitude and Affect in Text: Theory and Applications},
	volume = {20},
	year = {2006},
	month = jan,
	pages = {1-10},
	isbn = {1387-5264},
	doi = {10.1007/1-4020-4102-0_1},
	url = {https://www.researchgate.net/publication/226779968_Contextual_Valence_Shifters}
}

@article{KI06,
	author = {Kennedy, Alistair and Inkpen, Diana},
	year = {2006},
	month = may,
	pages = {110--125},
	title = {Sentiment Classification of Movie Reviews Using Contextual Valence Shifters},
	volume = {22},
	journal = {Computational Intelligence},
	doi = {10.1111/j.1467-8640.2006.00277.x},
	url = {https://web.cs.dal.ca/~kennedy/sentiment.pdf}
}

@inproceedings{TG04,
	author = {Taboada, Maite and Grieve, Jack},
	year = {2004},
	month = mar,
	pages = {158--161},
	title = {Analysing {A}ppraisal Automatically},
	booktitle = {Proceedings of the AAAI Spring Symposium on Exploring Attitude and Affect in Text},
	location = {Stanford, CA, USA},
	url = {https://pdfs.semanticscholar.org/63e9/0d3e8d00903774ee39f2278940cfe0426722.pdf}
}

@inproceedings{TAV06,
	author = {Taboada, Maite, and Anthony, Caroline and Voll, Kimberly},
	title = {Methods for Creating Semantic Orientation Dictionaries},
	booktitle = {Proceedings of the 5th International Conference on Language Resources and Evaluation},
	series = {LREC '06},
	year = {2006},
	location = {Genoa, Italy},
	pages = {427--432},
	url = {http://www.lrec-conf.org/proceedings/lrec2006/pdf/420_pdf},
	publisher = {European Language Resources Association (ELRA)}
}

@inproceedings{AKKN14,
	author = {Agathangelou, Pantelis and Katakis, Ioannis and Kokkoras, Fotios and Ntonas, Konstantinos},
	title = {Mining Domain-Specific Dictionaries of Opinion Words},
	booktitle = {Proceedings of the 15th International Conference on Web Information Systems Engineering},
	series = {WISE '14},
	year = {2014},
	location = {Thessaloniki, Greece},
	pages = {47--62},
	numpages = {15},
	doi = {10.1007/978-3-319-11749-2_4},
	isbn = {978-3-319-11746-1},
	url = {http://rigel.teilar.gr/wp-content/uploads/2014/07/c15-NiosTo-WISE2014.pdf},
	publisher = {Springer International Publishing Switzerland}
}

@inproceedings{BTT09,
    title = {Cross-Linguistic Sentiment Analysis: From {E}nglish to {S}panish},
    author = {Brooke, Julian and Tofiloski, Milan and Taboada, Maite},
    booktitle = {Proceedings of the International Conference on Recent Advances in Natural Language Processing},
	series = {RANLP '09},
    month = sep,
    year = {2009},
    address = {Borovets, Bulgaria},
    publisher = {Association for Computational Linguistics},
    url = {https://pdfs.semanticscholar.org/1a02/0c4f6e38cdf568d881a14ee99652feb890a0.pdf?_ga=2.238391176.982327566.1561642280-1575494822.1560377248},
    pages = {50--54}
}

@inproceedings{Bar07,
	author = {Bard, Gregory V.},
	title = {Spelling-error Tolerant, Order-independent Pass-phrases via the Damerau-levenshtein String-edit Distance Metric},
	booktitle = {Proceedings of the Fifth Australasian Symposium on ACSW Frontiers},
	volume = {68},
	series = {ACSW '07},
	year = {2007},
	isbn = {1-920-68285-X},
	location = {Ballarat, Australia},
	pages = {117--124},
	numpages = {8},
	url = {http://dl.acm.org/citation.cfm?id=1274531.1274545},
	acmid = {1274545},
	publisher = {Australian Computer Society, Inc.},
	address = {Darlinghurst, Australia, Australia}
}

@article{Lev66,
	author = {Levenshtein, Vladimir Iosifovich},
	url = {https://nymity.ch/sybilhunting/pdf/Levenshtein1966a.pdf},
	journal = {Soviet Physics Doklady},
	month = feb,
	number = {8},
	pages = {707--710},
	title = {Binary codes capable of correcting deletions, insertions and reversals},
	volume = {10},
	year = {1966}
}

@inproceedings{NSBD16,
	author = {Ntais, Georgios and Saroukos, Spyridon and Berki, Eleni and Dalianis, Hercules},
	title = {Development and Enhancement of a Stemmer for the Greek Language},
	booktitle = {Proceedings of the 20th Pan-Hellenic Conference on Informatics},
	series = {PCI '16},
	year = {2016},
	isbn = {978-1-4503-4789-1},
	location = {Patras, Greece},
	pages = {3:1--3:4},
	articleno = {3},
	numpages = {4},
	url = {http://doi.acm.org/10.1145/3003733.3003775},
	doi = {10.1145/3003733.3003775},
	acmid = {3003775},
	publisher = {ACM},
	address = {New York, NY, USA}
}

@inproceedings{KMSA15,
	author = {Kalamatianos, Georgios and Mallis, Dimitrios and Symeonidis, Symeon and Arampatzis, Avi},
	title = {Sentiment Analysis of Greek Tweets and Hashtags Using a Sentiment Lexicon},
	booktitle = {Proceedings of the 19th Panhellenic Conference on Informatics},
	series = {PCI '15},
	year = {2015},
	isbn = {978-1-4503-3551-5},
	location = {Athens, Greece},
	pages = {63--68},
	numpages = {6},
	url = {http://doi.acm.org/10.1145/2801948.2802010},
	doi = {10.1145/2801948.2802010},
	acmid = {2802010},
	publisher = {ACM},
	address = {New York, NY, USA}
}

@mastersthesis{Nta06,
	author = {Ntais, Georgios},
	title = {Development of a Stemmer for the Greek Language},
	school = {Department of Computer and Systems Sciences, Stockholm University / Royal Institute of Technology}, 
	year = {2006},
	month = feb,
	address = {Stockholm, Sweden},
	url = {https://people.dsv.su.se/~hercules/papers/Ntais_greek_stemmer_thesis_final.pdf}
}

@inproceedings{GM04,
	author = {Gim{\'e}nez, Jes{\'u}s and M{\`a}rquez, Llu{\'\i}s},
	title = {{SVMT}ool: A general {POS} Tagger Generator Based on Support Vector Machines},
	booktitle = {Proceedings of the 4th International Conference on Language Resources and Evaluation},
	series = {LREC '04},
	year = {2004},
	location = {Lisbon, Portugal},
	pages = {43--46},
	numpages = {4},
	url = {http://www.lrec-conf.org/proceedings/lrec2004/pdf/597.pdf},
	publisher = {European Language Resources Association (ELRA)}
}

@article{HCLJ16,
	author = {Hamilton, William L. and Clark, Kevin and Leskovec, Jure and Jurafsky, Dan},
	title = {Inducing Domain-Specific Sentiment Lexicons from Unlabeled Corpora},
	journal = {CoRR},
	volume = {abs/1606.02820},
	year = {2016},
	url = {http://arxiv.org/abs/1606.02820}
}

@article{CLNQ19,
	author = {Calefato, Fabio and Lanubile, Filippo and Novielli, Nicole and Quaranta, Luigi},
	title = {{EMTk} - The Emotion Mining Toolkit},
	journal = {CoRR},
	volume = {abs/1903.09525},
	year = {2019},
	url = {http://arxiv.org/abs/1903.09525}
}

@inbook{Liu10,
	author = {Liu, Bing},
	title = {Chapter 26: Sentiment Analysis and Subjectivity},
	booktitle = {Handbook of Natural Language Processing},
	year = {2010},
	editors = {Indurkhya, Nitin and Damerau, Fred J.},
	isbn = {9781420085921}, 
	pages = {627--667}
	url = {https://karczmarczuk.users.greyc.fr/TEACH/TAL/Doc/Handbook%20Of%20Natural%20Language%20Processing,%20Second%20Edition%20Chapman%20&%20Hall%20Crc%20Machine%20Learning%20&%20Pattern%20Recognition%202010.pdf},  
	publisher = {CRC Press, Taylor and Francis Group}
}

@inproceedings{BAV12,
	author = {Bakliwal, Akshat and Arora, Piyush and Varma, Vasudeva},
	title = {{H}indi Subjective Lexicon: A Lexical Resource for {H}indi Adjective Polarity Classification},
	booktitle = {Proceedings of the 8th International Conference on Language Resources and Evaluation},
	series = {LREC '12},
	year = {2012},
	location = {Istanbul, Turkey},
	pages = {1189--1196},
	url = {http://www.lrec-conf.org/proceedings/lrec2012/pdf/673_Paper.pdf},
	publisher = {European Languages Resources Association (ELRA)}
}

@article{HNS14,
	title = {Automatic Construction of Domain-specific Sentiment Lexicon Based on Constrained Label Propagation},
	author = {Huang, Sheng and Niu, Zhendong and Shi, Chongyang},
	journal = {Knowledge-Based Systems},
	issue_date = {January 2014},
	volume = {56},
	number = {C},
	month = jan,
	year = {2014},
	issn = {0950-7051},
	pages = {191--200},
	numpages = {10},
	url = {http://dx.doi.org/10.1016/j.knosys.2013.11.009},
	doi = {10.1016/j.knosys.2013.11.009},
	acmid = {2842375},
	publisher = {Elsevier Science Publishers B. V.},
	address = {Amsterdam, The Netherlands, The Netherlands}
}

@inproceedings{AABG18,
	author = {Amati, Giambattista and Ambrosi, Edgardo and Bianchi, Marco and Gaibisso, Carlo and Gambosi, Giorgio},
	title = {Automatic Construction of an Opinion-term Vocabulary for Ad Hoc Retrieval},
	booktitle = {Proceedings of the IR Research, 30th European Conference on Advances in Information Retrieval},
	series = {ECIR '08},
	year = {2008},
	isbn = {3-540-78645-7, 978-3-540-78645-0},
	location = {Glasgow, UK},
	pages = {89--100},
	numpages = {12},
	url = {http://dl.acm.org/citation.cfm?id=1793274.1793289},
	acmid = {1793289},
	publisher = {Springer-Verlag},
	address = {Berlin, Heidelberg}
}

@inproceedings{RW03,
	author = {Riloff, Ellen and Wiebe, Janyce},
	title = {Learning Extraction Patterns for Subjective Expressions},
	booktitle = {Proceedings of the 2003 Conference on Empirical Methods in Natural Language Processing},
	series = {EMNLP '03},
	year = {2003},
	pages = {105--112},
	numpages = {8},
	url = {https://doi.org/10.3115/1119355.1119369},
	doi = {10.3115/1119355.1119369},
	acmid = {1119369},
	publisher = {Association for Computational Linguistics},
	address = {Stroudsburg, PA, USA}
}

@inproceedings{SV07,
	author = {Skomorowski, Jason and Vechtomova, Olga},
	title = {Ad Hoc Retrieval of Documents with Topical Opinion},
	booktitle = {Proceedings of the 29th European Conference on IR Research},
	series = {ECIR '07},
	year = {2007},
	isbn = {978-3-540-71494-1},
	location = {Rome, Italy},
	pages = {405--417},
	numpages = {13},
	url = {http://dl.acm.org/citation.cfm?id=1763653.1763701},
	acmid = {1763701},
	publisher = {Springer-Verlag},
	address = {Berlin, Heidelberg}
}

@inproceedings{DLY08,
	author = {Ding, Xiaowen and Liu, Bing and Yu, Philip S.},
	title = {A Holistic Lexicon-based Approach to Opinion Mining},
	booktitle = {Proceedings of the 2008 International Conference on Web Search and Data Mining},
	series = {WSDM '08},
	year = {2008},
	isbn = {978-1-59593-927-2},
	location = {Palo Alto, California, USA},
	pages = {231--240},
	numpages = {10},
	url = {http://doi.acm.org/10.1145/1341531.1341561},
	doi = {10.1145/1341531.1341561},
	acmid = {1341561},
	publisher = {ACM},
	address = {New York, NY, USA}
}

@inproceedings{HL04,
	author = {Hu, Minqing and Liu, Bing},
	title = {Mining and Summarizing Customer Reviews},
	booktitle = {Proceedings of the 10th ACM SIGKDD International Conference on Knowledge Discovery and Data Mining},
	series = {KDD '04},
	year = {2004},
	isbn = {1-58113-888-1},
	location = {Seattle, WA, USA},
	pages = {168--177},
	numpages = {10},
	url = {http://doi.acm.org/10.1145/1014052.1014073},
	doi = {10.1145/1014052.1014073},
	acmid = {1014073},
	publisher = {ACM},
	address = {New York, NY, USA}
}

@inproceedings{KN06,
	author = {Kanayama, Hiroshi and Nasukawa, Tetsuya},
	title = {Fully Automatic Lexicon Expansion for Domain-oriented Sentiment Analysis},
	booktitle = {Proceedings of the 2006 Conference on Empirical Methods in Natural Language Processing},
	series = {EMNLP '06},
	year = {2006},
	isbn = {1-932432-73-6},
	location = {Sydney, Australia},
	pages = {355--363},
	numpages = {9},
	url = {http://dl.acm.org/citation.cfm?id=1610075.1610125},
	acmid = {1610125},
	publisher = {Association for Computational Linguistics},
	address = {Stroudsburg, PA, USA}
}

@inproceedings{LXLZ13,
	author = {Liu, Kang and Xu, Liheng and Liu, Yang and Zhao, Jun},
	title = {Opinion Target Extraction Using Partially-supervised Word Alignment Model},
	booktitle = {Proceedings of the 23rd International Joint Conference on Artificial Intelligence},
	series = {IJCAI '13},
	year = {2013},
	isbn = {978-1-57735-633-2},
	location = {Beijing, China},
	pages = {2134--2140},
	numpages = {7},
	url = {http://dl.acm.org/citation.cfm?id=2540128.2540435},
	acmid = {2540435},
	publisher = {AAAI Press}
}

@techreport{BPP14,
	author = {Burnside, G{\'e}rard, Papadopoulos, Symeon, and Petkos, Georgios},
	title = {D2.3 Social stream mining framework},
	url = {http://www.socialsensor.eu/images/D2.3.pdf},
	type = {Report/Prototype},
	version = {1.0},
	number = {FP7-287975},
	month = jul,
	year = {2014},
	institution = {Social Sensor, Sensing User Generated Input for Improved Media Discovery and Experience}
}

@inproceedings{TPK14,
	author = {Tsakalidis, Adam and Papadopoulos, Symeon and Kompatsiaris, Ioannis},
	title = {An Ensemble Model for Cross-Domain Polarity Classification on {T}witter},
	booktitle = {Proceedings of the 15th International Conference on Web Information Systems Engineering},
	series = {WISE '14},
	editors = {Benatallah, Boualem and Bestavros, Azer and Manolopoulos, Yannis and Vakali, Athena and Zhang, Yanchun}
	year = {2014},
	location = {Thessaloniki, Greece},
	pages = {168--177},
	numpages = {15},
	doi = {10.1007/978-3-319-11746-1_12},
	isbn = {978-3-319-11746-1},
	url = {https://link.springer.com/content/pdf/10.1007%2F978-3-319-11746-1.pdf},
	publisher = {Springer International Publishing Switzerland}
}

@inproceedings{SMPP16,
	author = {Spatiotis, Nikolaos and Mporas, Iosif and Paraskevas, Michael and Perikos, Isidoros},
	title = {Sentiment Analysis for the {G}reek Language},
	booktitle = {Proceedings of the 20th Pan-Hellenic Conference on Informatics},
	series = {PCI '16},
	year = {2016},
	isbn = {978-1-4503-4789-1},
	location = {Patras, Greece},
	pages = {2:1--2:4},
	articleno = {2},
	numpages = {4},
	url = {http://doi.acm.org/10.1145/3003733.3003769},
	doi = {10.1145/3003733.3003769},
	acmid = {3003769},
	publisher = {ACM},
	address = {New York, NY, USA}
}